@article{GeMAPS,
	author = {Eyben, Florian and Scherer, Klaus R. and Schuller, Bj{\"o}rn W. and Sundberg, Johan and Andr{\'e}, Elisabeth and Busso, Carlos and Devillers, Laurence Y. and Epps, Julien and Laukka, Petri and Narayanan, Shrikanth S. and Truong, Khiet P.},
	journal = {IEEE Transactions on Affective Computing},
	number = {2},
	pages = {190-202},
	title = {The Geneva Minimalistic Acoustic Parameter Set (GeMAPS) for Voice Research and Affective Computing},
	volume = {7},
	year = {2016},
	url = {https://sail.usc.edu/publications/files/eyben-preprinttaffc-2015.pdf}}

@article{microsoftTeams,
  url = {https://arxiv.org/abs/2101.09249},
  author = {Braun, Sebastian and Gamper, Hannes and Reddy, Chandan K. A. and Tashev, Ivan},
  title = {Towards efficient models for real-time deep noise suppression},
  publisher = {arXiv},
  year = {2021},
  copyright = {arXiv.org perpetual, non-exclusive license}
}

@article{Demucs,
  url = {https://arxiv.org/abs/2006.12847},
  author = {Defossez, Alexandre and Synnaeve, Gabriel and Adi, Yossi},
  title = {Real Time Speech Enhancement in the Waveform Domain},
  publisher = {arXiv},
  year = {2020},
  copyright = {arXiv.org perpetual, non-exclusive license}
}


@article{fullsubnet,
  url = {https://arxiv.org/abs/2010.15508},
  
  author = {Hao, Xiang and Su, Xiangdong and Horaud, Radu and Li, Xiaofei},
  
  title = {FullSubNet: A Full-Band and Sub-Band Fusion Model for Real-Time Single-Channel Speech Enhancement},
  
  publisher = {arXiv},
  
  year = {2020},
  
  copyright = {arXiv.org perpetual, non-exclusive license}
}

@article{DNSchallenge2020,
  url = {https://arxiv.org/abs/2005.13981},
  
  author = {Reddy, Chandan K. A. and Gopal, Vishak and Cutler, Ross and Beyrami, Ebrahim and Cheng, Roger and Dubey, Harishchandra and Matusevych, Sergiy and Aichner, Robert and Aazami, Ashkan and Braun, Sebastian and Rana, Puneet and Srinivasan, Sriram and Gehrke, Johannes},
  
  title = {The INTERSPEECH 2020 Deep Noise Suppression Challenge: Datasets, Subjective Testing Framework, and Challenge Results},
  
  publisher = {arXiv},
  
  year = {2020},
  
  copyright = {arXiv.org perpetual, non-exclusive license}
}
